 @PhdThesis{BICHOT2007,
 author = {Charles-Edmond BICHOT },
 title = {Élaboration d’une nouvelle méta heuristique pour le partitionnement de graphe : la méthode de fusion-fission. Application au découpage de l’espace aérien},
 school = {TOULOUSE},
 year = {2007}
 }
 @Book{DEO2017,
 ALTauthor = {DEO, N},
 title = {Graph theory with applications to engineering and computer science},
 publisher = {Courier Dover Publications},
 year = {2017}
 }
 @Article{EULER1736,
 author = {EULER},
 title = {“Solutio Problematis ad Geometriam Situs Pertinentis”. Commentarii Academiae Scientarum Imperialis Petropolitanae },
 journal = {•},
 year = {1736},
 OPTvolume = {8},
 OPTpages = {128-140}
 }
 